
% Journals

% First the Full Name is given, then the abbreviation used in the AMS Math
% Reviews, with an indication if it could not be found there.
% Note the 2nd overwrites the 1st, so swap them if you want the full name.

 %{AMS}
 @String{AMSTrans = "American Mathematical Society Translations" }
 @String{AMSTrans = "Amer. Math. Soc. Transl." }
 @String{BullAMS = "Bulletin of the American Mathematical Society" }
 @String{BullAMS = "Bull. Amer. Math. Soc." }
 @String{ProcAMS = "Proceedings of the American Mathematical Society" }
 @String{ProcAMS = "Proc. Amer. Math. Soc." }
 @String{TransAMS = "Transactions of the American Mathematical Society" }
 @String{TransAMS = "Trans. Amer. Math. Soc." }

 %ACM
 @String{CACM = "Communications of the {ACM}" }
 @String{CACM = "Commun. {ACM}" }
 @String{CompServ = "Comput. Surveys" }
 @String{JACM = "J. ACM" }
 @String{ACMMathSoft = "{ACM} Transactions on Mathematical Software" }
 @String{ACMMathSoft = "{ACM} Trans. Math. Software" }
 @String{SIGNUM = "{ACM} {SIGNUM} Newsletter" }
 @String{SIGNUM = "{ACM} {SIGNUM} Newslett." }

 @String{AmerSocio = "American Journal of Sociology" }
 @String{AmerStatAssoc = "Journal of the American Statistical Association" }
 @String{AmerStatAssoc = "J. Amer. Statist. Assoc." }
 @String{ApplMathComp = "Applied Mathematics and Computation" }
 @String{ApplMathComp = "Appl. Math. Comput." }
 @String{AmerMathMonthly = "American Mathematical Monthly" }
 @String{AmerMathMonthly = "Amer. Math. Monthly" }
 @String{BIT = "{BIT}" }
 @String{BritStatPsych = "British Journal of Mathematical and Statistical
          Psychology" }
 @String{BritStatPsych = "Brit. J. Math. Statist. Psych." }
 @String{CanMathBull = "Canadian Mathematical Bulletin" }
 @String{CanMathBull = "Canad. Math. Bull." }
 @String{CompApplMath = "Journal of Computational and Applied Mathematics" }
 @String{CompApplMath = "J. Comput. Appl. Math." }
 @String{CompPhys = "Journal of Computational Physics" }
 @String{CompPhys = "J. Comput. Phys." }
 @String{CompStruct = "Computers and Structures" }
 @String{CompStruct = "Comput. \& Structures" }
 @String{CompJour = "The Computer Journal" }
 @String{CompJour = "Comput. J." }
 @String{CompSysSci = "Journal of Computer and System Sciences" }
 @String{CompSysSci = "J. Comput. System Sci." }
 @String{Computing = "Computing" }
 @String{ContempMath = "Contemporary Mathematics" }
 @String{ContempMath = "Contemp. Math." }
 @String{Crelle = "Crelle's Journal" }
 @String{GiornaleMath = "Giornale di Mathematiche" }
 @String{GiornaleMath = "Giorn. Mat." } % didn't find in AMS MR., ibid.

 %IEEE
 @String{Computer = "{IEEE} Computer" }
 @String{IEEETransComp = "{IEEE} Transactions on Computers" }
 @String{IEEETransComp = "{IEEE} Trans. Comput." }
 @String{IEEETransAC = "{IEEE} Transactions on Automatic Control" }
 @String{IEEETransAC = "{IEEE} Trans. Automat. Control" }
 @String{IEEESpec = "{IEEE} Spectrum" } % didn't find in AMS MR
 @String{ProcIEEE = "Proceedings of the {IEEE}" }
 @String{ProcIEEE = "Proc. {IEEE}" } % didn't find in AMS MR
 @String{IEEETransAeroElec = "{IEEE} Transactions on Aerospace and Electronic
     Systems" }
 @String{IEEETransAeroElec = "{IEEE} Trans. Aerospace Electron. Systems" }

 @String{IMANumerAna = "{IMA} Journal of Numerical Analysis" }
 @String{IMANumerAna = "{IMA} J. Numer. Anal." }
 @String{InfProcLet = "Information Processing Letters" }
 @String{InfProcLet = "Inform. Process. Lett." }
 @String{InstMathApp = "Journal of the Institute of Mathematics and
     its Applications" }
 @String{InstMathApp = "J. Inst. Math. Appl." }
 @String{IntControl = "International Journal of Control" }
 @String{IntControl = "Internat. J. Control" }
 @String{IntNumerEng = "International Journal for Numerical Methods in
     Engineering" }
 @String{IntNumerEng = "Internat. J. Numer. Methods Engrg." }
 @String{IntSuper = "International Journal of Supercomputing Applications" }
 @String{IntSuper = "Internat. J. Supercomputing Applic." } % didn't find
%% in AMS MR
 @String{Kibernetika = "Kibernetika" }
 @String{JResNatBurStand = "Journal of Research of the National Bureau
     of Standards" }
 @String{JResNatBurStand = "J. Res. Nat. Bur. Standards" }
 @String{LinAlgApp = "Linear Algebra and its Applications" }
 @String{LinAlgApp = "Linear Algebra Appl." }
 @String{MathAnaAppl = "Journal of Mathematical Analysis and Applications" }
 @String{MathAnaAppl = "J. Math. Anal. Appl." }
 @String{MathAnnalen = "Mathematische Annalen" }
 @String{MathAnnalen = "Math. Ann." }
 @String{MathPhys = "Journal of Mathematical Physics" }
 @String{MathPhys = "J. Math. Phys." }
 @String{MathComp = "Mathematics of Computation" }
 @String{MathComp = "Math. Comp." }
 @String{MathScand = "Mathematica Scandinavica" }
 @String{MathScand = "Math. Scand." }
 @String{TablesAidsComp = "Mathematical Tables and Other Aids to Computation" }
 @String{TablesAidsComp = "Math. Tables Aids Comput." }
 @String{NumerMath = "Numerische Mathematik" }
 @String{NumerMath = "Numer. Math." }
 @String{PacificMath = "Pacific Journal of Mathematics" }
 @String{PacificMath = "Pacific J. Math." }
 @String{ParDistComp = "Journal of Parallel and Distributed Computing" }
 @String{ParDistComp = "J. Parallel and Distrib. Comput." } % didn't find
%% in AMS MR
 @String{ParComputing = "Parallel Computing" }
 @String{ParComputing = "Parallel Comput." }
 @String{PhilMag = "Philosophical Magazine" }
 @String{PhilMag = "Philos. Mag." }
 @String{ProcNAS = "Proceedings of the National Academy of Sciences
                    of the USA" }
 @String{ProcNAS = "Proc. Nat. Acad. Sci. U. S. A." }
 @String{Psychometrika = "Psychometrika" }
 @String{QuartMath = "Quarterly Journal of Mathematics, Oxford, Series (2)" }
 @String{QuartMath = "Quart. J. Math. Oxford Ser. (2)" }
 @String{QuartApplMath = "Quarterly of Applied Mathematics" }
 @String{QuartApplMath = "Quart. Appl. Math." }
 @String{RevueInstStat = "Review of the International Statisical Institute" }
 @String{RevueInstStat = "Rev. Inst. Internat. Statist." }

 %SIAM
 @String{JSIAM = "Journal of the Society for Industrial and Applied
     Mathematics" }
 @String{JSIAM = "J. Soc. Indust. Appl. Math." }
 @String{JSIAMB = "Journal of the Society for Industrial and Applied
     Mathematics, Series B, Numerical Analysis" }
 @String{JSIAMB = "J. Soc. Indust. Appl. Math. Ser. B Numer. Anal." }
 @String{SIAMAlgMeth = "{SIAM} Journal on Algebraic and Discrete Methods" }
 @String{SIAMAlgMeth = "{SIAM} J. Algebraic Discrete Methods" }
 @String{SIAMAppMath = "{SIAM} Journal on Applied Mathematics" }
 @String{SIAMAppMath = "{SIAM} J. Appl. Math." }
 @String{SIAMComp = "{SIAM} Journal on Computing" }
 @String{SIAMComp = "{SIAM} J. Comput." }
 @String{SIAMMatrix = "{SIAM} Journal on Matrix Analysis and Applications" }
 @String{SIAMMatrix = "{SIAM} J. Matrix Anal. Appl." }
 @String{SIAMNumAnal = "{SIAM} Journal on Numerical Analysis" }
 @String{SIAMNumAnal = "{SIAM} J. Numer. Anal." }
 @String{SIAMReview = "{SIAM} Review" }
 @String{SIAMReview = "{SIAM} Rev." }
 @String{SIAMSciStat = "{SIAM} Journal on Scientific and Statistical
     Computing" }
 @String{SIAMSciStat = "{SIAM} J. Sci. Statist. Comput." }

 @String{SoftPracExp = "Software Practice and Experience" }
 @String{SoftPracExp = "Software Prac. Experience" } % didn't find in AMS MR
 @String{StatScience = "Statistical Science" }
 @String{StatScience = "Statist. Sci." }
 @String{Techno = "Technometrics" }
 @String{USSRCompMathPhys = "{USSR} Computational Mathematics and Mathematical
     Physics" }
 @String{USSRCompMathPhys = "{U. S. S. R.} Comput. Math. and Math. Phys." }
 @String{VLSICompSys = "Journal of {VLSI} and Computer Systems" }
 @String{VLSICompSys = "J. {VLSI} Comput. Syst." }
 @String{ZAngewMathMech = "Zeitschrift fur Angewandte Mathematik und
     Mechanik" }
 @String{ZAngewMathMech = "Z. Angew. Math. Mech." }
 @String{ZAngewMathPhys = "Zeitschrift fur Angewandte Mathematik und Physik" }
 @String{ZAngewMathPhys = "Z. Angew. Math. Phys." }

% Publishers % ================================================= |

 @String{Academic = "Academic Press" }
 @String{ACMPress = "{ACM} Press" }
 @String{AdamHilger = "Adam Hilger" }
 @String{AddisonWesley = "Addison-Wesley" }
 @String{AllynBacon = "Allyn and Bacon" }
 @String{AMS = "American Mathematical Society" }
 @String{Birkhauser = "Birkha{\"u}ser" }
 @String{CambridgePress = "Cambridge University Press" }
 @String{Chelsea = "Chelsea" }
 @String{ClaredonPress = "Claredon Press" }
 @String{DoverPub = "Dover Publications" }
 @String{Eyolles = "Eyolles" }
 @String{HoltRinehartWinston = "Holt, Rinehart and Winston" }
 @String{Interscience = "Interscience" }
 @String{JohnsHopkinsPress = "The Johns Hopkins University Press" }
 @String{JohnWileySons = "John Wiley and Sons" }
 @String{Macmillan = "Macmillan" }
 @String{MathWorks = "The Math Works Inc." }
 @String{McGrawHill = "McGraw-Hill" }
 @String{NatBurStd = "National Bureau of Standards" }
 @String{NorthHolland = "North-Holland" }
 @String{OxfordPress = "Oxford University Press" }  %address Oxford or London?
 @String{PergamonPress = "Pergamon Press" }
 @String{PlenumPress = "Plenum Press" }
 @String{PrenticeHall = "Prentice-Hall" }
 @String{SIAMPub = "{SIAM} Publications" }
 @String{Springer = "Springer-Verlag" }
 @String{TexasPress = "University of Texas Press" }
 @String{VanNostrand = "Van Nostrand" }
 @String{WHFreeman = "W. H. Freeman and Co." }

%Entries
@article{1,
  title={A universal law of robustness via isoperimetry},
  author={Bubeck, S{\'e}bastien and Sellke, Mark},
  journal={Advances in Neural Information Processing Systems},
  volume={34},
  pages={28811--28822},
  year={2021}
}

@inproceedings{2,
  title={Accelerate CNNs from three dimensions: a comprehensive pruning framework},
  author={Wang, Wenxiao and Chen, Minghao and Zhao, Shuai and Chen, Long and Hu, Jinming and Liu, Haifeng and Cai, Deng and He, Xiaofei and Liu, Wei},
  booktitle={International Conference on Machine Learning},
  pages={10717--10726},
  year={2021},
  organization={PMLR}
}

@inproceedings{3,
  title={Efficient quantized sparse matrix operations on tensor cores},
  author={Li, Shigang and Osawa, Kazuki and Hoefler, Torsten},
  booktitle={Proceedings of the International Conference on High Performance Computing, Networking, Storage and Analysis},
  pages={1--15},
  year={2022}
}

@inproceedings{4,
  title={Deep learning with limited numerical precision},
  author={Gupta, Suyog and Agrawal, Ankur and Gopalakrishnan, Kailash and Narayanan, Pritish},
  booktitle={International conference on machine learning},
  pages={1737--1746},
  year={2015},
  organization={PMLR}
}

@inproceedings{5,
  title={Fully quantized network for object detection},
  author={Li, Rundong and Wang, Yan and Liang, Feng and Qin, Hongwei and Yan, Junjie and Fan, Rui},
  booktitle={Proceedings of the IEEE/CVF Conference on Computer Vision and Pattern Recognition},
  pages={2810--2819},
  year={2019}
}

@article{6,
  title={Towards accurate binary convolutional neural network},
  author={Lin, Xiaofan and Zhao, Cong and Pan, Wei},
  journal={Advances in neural information processing systems},
  volume={30},
  year={2017}
}

@article{7,
  title={Distilling the Knowledge in a Neural Network},
  author={ Hinton, Geoffrey  and  Vinyals, Oriol  and  Dean, Jeff },
  journal={Computer Science},
  volume={14},
  number={7},
  pages={38-39},
  year={2015},
}

@article{9,
  title={Optimal brain damage},
  author={LeCun, Yann and Denker, John and Solla, Sara},
  journal={Advances in neural information processing systems},
  volume={2},
  year={1989}
}

@inproceedings{10,
  title={Optimal brain surgeon and general network pruning},
  author={Hassibi, Babak and Stork, David G and Wolff, Gregory J},
  booktitle={IEEE international conference on neural networks},
  pages={293--299},
  year={1993},
  organization={IEEE}
}

@inproceedings{11,
  title={Single path one-shot neural architecture search with uniform sampling},
  author={Guo, Zichao and Zhang, Xiangyu and Mu, Haoyuan and Heng, Wen and Liu, Zechun and Wei, Yichen and Sun, Jian},
  booktitle={European conference on computer vision},
  pages={544--560},
  year={2020},
  organization={Springer}
}

@inproceedings{tan2019efficientnet,
  title={Efficientnet: Rethinking model scaling for convolutional neural networks},
  author={Tan, Mingxing and Le, Quoc},
  booktitle={International conference on machine learning},
  pages={6105--6114},
  year={2019},
  organization={PMLR}
}

@inproceedings{13,
  title={Shufflenet v2: Practical guidelines for efficient cnn architecture design},
  author={Ma, Ningning and Zhang, Xiangyu and Zheng, Hai-Tao and Sun, Jian},
  booktitle={Proceedings of the European conference on computer vision (ECCV)},
  pages={116--131},
  year={2018}
}

@inproceedings{14,
  title={Mobilenets: Efficient convolutional neural networks for mobile vision applications},
  author={Howard, Andrew G and Zhu, Menglong and Chen, Bo and Kalenichenko, Dmitry and Wang, Weijun and Weyand, Tobias and Andreetto, Marco and Adam, Hartwig},
  booktitle={Proceedings of the IEEE conference on computer vision and pattern recognition},
  year={2017}
}

@inproceedings{15,
  title={Mobilenetv2: Inverted residuals and linear bottlenecks},
  author={Sandler, Mark and Howard, Andrew and Zhu, Menglong and Zhmoginov, Andrey and Chen, Liang-Chieh},
  booktitle={Proceedings of the IEEE conference on computer vision and pattern recognition},
  pages={4510--4520},
  year={2018}
}

@inproceedings{16,
  title={Searching for mobilenetv3},
  author={Howard, Andrew and Sandler, Mark and Chu, Grace and Chen, Liang-Chieh and Chen, Bo and Tan, Mingxing and Wang, Weijun and Zhu, Yukun and Pang, Ruoming and Vasudevan, Vijay and others},
  booktitle={Proceedings of the IEEE/CVF international conference on computer vision},
  pages={1314--1324},
  year={2019}
}

@inproceedings{17,
  title={Amc: Automl for model compression and acceleration on mobile devices},
  author={He, Yihui and Lin, Ji and Liu, Zhijian and Wang, Hanrui and Li, Li-Jia and Han, Song},
  booktitle={Proceedings of the European conference on computer vision (ECCV)},
  pages={784--800},
  year={2018}
}

@inproceedings{18,
  title={Pruning Filters for Efficient ConvNets},
  author={Li, Hao and Kadav, Asim and Durdanovic, Igor and Samet, Hanan and Graf, Hans Peter},
  booktitle={International Conference on Learning Representations},
  year={2017}
}

@inproceedings{19,
  title={Rethinking the Smaller-Norm-Less-Informative Assumption in Channel Pruning of Convolution Layers},
  author={Ye, Jianbo and Lu, Xin and Lin, Zhe and Wang, James Z},
  booktitle={International Conference on Learning Representations},
  year={2018}
}

@inproceedings{20,
  title={Pruning Convolutional Neural Networks for Resource Efficient Inference},
  author={Molchanov, Pavlo and Tyree, Stephen and Karras, Tero and Aila, Timo and Kautz, Jan},
  booktitle={International Conference on Learning Representations},
  year={2017}
}

@inproceedings{21,
  title={Thinet: A filter level pruning method for deep neural network compression},
  author={Luo, Jian-Hao and Wu, Jianxin and Lin, Weiyao},
  booktitle={Proceedings of the IEEE international conference on computer vision},
  pages={5058--5066},
  year={2017}
}

@inproceedings{22,
  title={Channel pruning for accelerating very deep neural networks},
  author={He, Yihui and Zhang, Xiangyu and Sun, Jian},
  booktitle={Proceedings of the IEEE international conference on computer vision},
  pages={1389--1397},
  year={2017}
}

@inproceedings{23,
  title={N2N learning: Network to Network Compression via Policy Gradient Reinforcement Learning},
  author={Ashok, Anubhav and Rhinehart, Nicholas and Beainy, Fares and Kitani, Kris M},
  booktitle={International Conference on Learning Representations},
  year={2017}
}

@inproceedings{24,
  title={Collaborative channel pruning for deep networks},
  author={Peng, Hanyu and Wu, Jiaxiang and Chen, Shifeng and Huang, Junzhou},
  booktitle={International Conference on Machine Learning},
  pages={5113--5122},
  year={2019},
  organization={PMLR}
}

@inproceedings{duggal2021cup,
  title={Cup: Cluster pruning for compressing deep neural networks},
  author={Duggal, Rahul and Xiao, Cao and Vuduc, Richard and Chau, Duen Horng and Sun, Jimeng},
  booktitle={2021 IEEE International Conference on Big Data (Big Data)},
  pages={5102--5106},
  year={2021},
  organization={IEEE}
}

@inproceedings{27,
  title={Rethinking the Value of Network Pruning},
  author={Liu, Zhuang and Sun, Mingjie and Zhou, Tinghui and Huang, Gao and Darrell, Trevor},
  booktitle={International Conference on Learning Representations},
  year={2019}
}

@inproceedings{29,
  title={Learning efficient convolutional networks through network slimming},
  author={Liu, Zhuang and Li, Jianguo and Shen, Zhiqiang and Huang, Gao and Yan, Shoumeng and Zhang, Changshui},
  booktitle={Proceedings of the IEEE international conference on computer vision},
  pages={2736--2744},
  year={2017}
}

@inproceedings{30,
  title={Play and prune: adaptive filter pruning for deep model compression},
  author={Singh, Pravendra and Verma, Vinay Kumar and Rai, Piyush and Namboodiri, Vinay P},
  booktitle={Proceedings of the 28th International Joint Conference on Artificial Intelligence},
  pages={3460--3466},
  year={2019}
}

@inproceedings{31,
  title={“learning-compression” algorithms for neural net pruning},
  author={Carreira-Perpin{\'a}n, Miguel A and Idelbayev, Yerlan},
  booktitle={Proceedings of the IEEE Conference on Computer Vision and Pattern Recognition},
  pages={8532--8541},
  year={2018}
}

@inproceedings{32,
  title={Ghostnet: More features from cheap operations},
  author={Han, Kai and Wang, Yunhe and Tian, Qi and Guo, Jianyuan and Xu, Chunjing and Xu, Chang},
  booktitle={Proceedings of the IEEE/CVF conference on computer vision and pattern recognition},
  pages={1580--1589},
  year={2020}
}

@article{33,
  title={Accelerating very deep convolutional networks for classification and detection},
  author={Zhang, Xiangyu and Zou, Jianhua and He, Kaiming and Sun, Jian},
  journal={IEEE transactions on pattern analysis and machine intelligence},
  volume={38},
  number={10},
  pages={1943--1955},
  year={2015},
  publisher={IEEE}
}

@inproceedings{34,
  title={K-means clustering via principal component analysis},
  author={Ding, Chris and He, Xiaofeng},
  booktitle={Proceedings of the twenty-first international conference on Machine learning},
  pages={29},
  year={2004}
}

@inproceedings{35,
  title={Centripetal sgd for pruning very deep convolutional networks with complicated structure},
  author={Ding, Xiaohan and Ding, Guiguang and Guo, Yuchen and Han, Jungong},
  booktitle={Proceedings of the IEEE/CVF conference on computer vision and pattern recognition},
  pages={4943--4953},
  year={2019}
}

@inproceedings{2016Deep,
  title={Deep Residual Learning for Image Recognition},
  author={ He, K.  and  Zhang, X.  and  Ren, S.  and  Sun, J. },
  booktitle={2016 IEEE Conference on Computer Vision and Pattern Recognition (CVPR)},
  year={2016},
}

@article{2014Very,
  title={Very Deep Convolutional Networks for Large-Scale Image Recognition},
  author={ Simonyan, K.  and  Zisserman, A. },
  journal={Computer Science},
  year={2014},
}

@article{2016Densely,
  title={Densely Connected Convolutional Networks},
  author={ Huang, G.  and  Liu, Z.  and  Laurens, Vdm  and  Weinberger, K. Q. },
  journal={IEEE Computer Society},
  year={2016},
}

@article{2021INet,
  title={INet: Convolutional Networks for Biomedical Image Segmentation},
  author={ Weng, W.  and  Zhu, X. },
  journal={IEEE Access},
  volume={PP},
  number={99},
  pages={1-1},
  year={2021},
}

@article{2017SegNet,
  title={SegNet: A Deep Convolutional Encoder-Decoder Architecture for Image Segmentation},
  author={ Badrinarayanan, V.  and  Kendall, A.  and  Cipolla, R. },
  journal={IEEE Transactions on Pattern Analysis \& Machine Intelligence},
  pages={1-1},
  year={2017},
}

@inproceedings{2019Evaluation,
  title={Evaluation of Deep Learning for Semantic Image Segmentation in Tool Condition Monitoring},
  author={ Lutz, B.  and  Kisskalt, D.  and  Regulin, D.  and  Reisch, R.  and  Schiffler, A.  and  Franke, J. },
  booktitle={2019 18th IEEE International Conference On Machine Learning And Applications (ICMLA)},
  year={2019},
}

@inproceedings{2015SSD,
  title={Ssd: Single shot multibox detector},
  author={Liu, Wei and Anguelov, Dragomir and Erhan, Dumitru and Szegedy, Christian and Reed, Scott and Fu, Cheng-Yang and Berg, Alexander C},
  booktitle={Computer Vision--ECCV 2016: 14th European Conference, Amsterdam, The Netherlands, October 11--14, 2016, Proceedings, Part I 14},
  pages={21--37},
  year={2016},
  organization={Springer}
}

@article{2017Focal,
  title={Focal Loss for Dense Object Detection},
  author={ Lin, T. Y.  and  Goyal, P.  and  Girshick, R.  and  He, K.  and P Dollár},
  journal={IEEE Transactions on Pattern Analysis \& Machine Intelligence},
  volume={PP},
  number={99},
  pages={2999-3007},
  year={2017},
}

@inproceedings{2017Mask,
  title={Mask R-CNN},
  author={ He, K.  and  Gkioxari, G.  and  Dollar, P.  and  Girshick, R. },
  booktitle={International Conference on Computer Vision},
  year={2017},
}

@inproceedings{2016You,
  title={You only look once: Unified, real-time object detection},
  author={Redmon, Joseph and Divvala, Santosh and Girshick, Ross and Farhadi, Ali},
  booktitle={Proceedings of the IEEE conference on computer vision and pattern recognition},
  pages={779--788},
  year={2016}
}

@inproceedings{2018ShuffleNet,
  title={ShuffleNet: An Extremely Efficient Convolutional Neural Network for Mobile Devices},
  author={ Zhang, X.  and  Zhou, X.  and  Lin, M.  and  Sun, J. },
  booktitle={2018 IEEE/CVF Conference on Computer Vision and Pattern Recognition (CVPR)},
  year={2018},
}

@article{2015Learning,
  title={Learning both Weights and Connections for Efficient Neural Networks},
  author={ Han, S.  and  Pool, J.  and  Tran, J.  and  Dally, W. J. },
  journal={MIT Press},
  year={2015},
}

@inproceedings{frankle2018lottery,
  title={The lottery ticket hypothesis: Finding sparse, trainable neural networks},
  author={Frankle, Jonathan and Carbin, Michael},
  booktitle={International Conference on Learning Representations},
  year={2018}
}

@inproceedings{ye2020channel,
  title={Channel pruning via optimal thresholding},
  author={Ye, Yun and You, Ganmei and Fwu, Jong-Kae and Zhu, Xia and Yang, Qing and Zhu, Yuan},
  booktitle={Neural Information Processing: 27th International Conference, ICONIP 2020, Bangkok, Thailand, November 18--22, 2020, Proceedings, Part V 27},
  pages={508--516},
  year={2020},
  organization={Springer}
}

@inproceedings{lin2021channel,
  title={Channel pruning via automatic structure search},
  author={Lin, Mingbao and Ji, Rongrong and Zhang, Yuxin and Zhang, Baochang and Wu, Yongjian and Tian, Yonghong},
  booktitle={Proceedings of the Twenty-Ninth International Conference on International Joint Conferences on Artificial Intelligence},
  pages={673--679},
  year={2021}
}

@inproceedings{2020Low,
  title={Low-Rank Compression of Neural Nets: Learning the Rank of Each Layer},
  author={ Idelbayev, Y.  and  Carreira-Perpinan, M. A. },
  booktitle={2020 IEEE/CVF Conference on Computer Vision and Pattern Recognition (CVPR)},
  year={2020},
}

@inproceedings{tzelepis2019deep,
  title={Deep neural network compression for image classification and object detection},
  author={Tzelepis, Georgios and Asif, Ahraz and Baci, Saimir and Cavdar, Selcuk and Aksoy, Eren Erdal},
  booktitle={2019 18th IEEE International Conference On Machine Learning And Applications (ICMLA)},
  pages={1621--1628},
  year={2019},
  organization={IEEE}
}

@inproceedings{liu2019metapruning,
  title={Metapruning: Meta learning for automatic neural network channel pruning},
  author={Liu, Zechun and Mu, Haoyuan and Zhang, Xiangyu and Guo, Zichao and Yang, Xin and Cheng, Kwang-Ting and Sun, Jian},
  booktitle={Proceedings of the IEEE/CVF international conference on computer vision},
  pages={3296--3305},
  year={2019}
}

@article{hotelling1933analysis,
  title={Analysis of a complex of statistical variables into principal components.},
  author={Hotelling, Harold},
  journal={Journal of educational psychology},
  volume={24},
  number={6},
  pages={417},
  year={1933},
  publisher={Warwick \& York}
}
