@article{cnn,
  title={A review of convolutional neural networks in computer vision},
  author={Zhao, Xia and Wang, Limin and Zhang, Yufei and Han, Xuming and Deveci, Muhammet and Parmar, Milan},
  journal={Artificial Intelligence Review},
  volume={57},
  number={4},
  pages={99},
  year={2024},
  publisher={Springer}
}

@article{transformer,
  title={Attention is all you need},
  author={Vaswani, Ashish and Shazeer, Noam and Parmar, Niki and Uszkoreit, Jakob and Jones, Llion and Gomez, Aidan N and Kaiser, {\L}ukasz and Polosukhin, Illia},
  journal={Advances in neural information processing systems},
  volume={30},
  year={2017}
}

@article{fixscale,
  title={A framework of structural damage detection for civil structures using a combined multi-scale convolutional neural network and echo state network},
  author={He, Yingying and Zhang, Likai and Chen, Zengshun and Li, Cruz Y},
  journal={Engineering with Computers},
  volume={39},
  number={3},
  pages={1771--1789},
  year={2023},
  publisher={Springer}
}

@article{autodrive,
  title={A survey of deep learning techniques for autonomous driving},
  author={Grigorescu, Sorin and Trasnea, Bogdan and Cocias, Tiberiu and Macesanu, Gigel},
  journal={Journal of field robotics},
  volume={37},
  number={3},
  pages={362--386},
  year={2020},
  publisher={Wiley Online Library}
}

@inproceedings{hardtrain,
  title={Efficient large-scale language model training on gpu clusters using megatron-lm},
  author={Narayanan, Deepak and Shoeybi, Mohammad and Casper, Jared and LeGresley, Patrick and Patwary, Mostofa and Korthikanti, Vijay and Vainbrand, Dmitri and Kashinkunti, Prethvi and Bernauer, Julie and Catanzaro, Bryan and others},
  booktitle={Proceedings of the International Conference for High Performance Computing, Networking, Storage and Analysis},
  pages={1--15},
  year={2021}
}

@inproceedings{lightweight,
  title={Review of research on lightweight convolutional neural networks},
  author={Zhou, Yan and Chen, Shaochang and Wang, Yiming and Huan, Wenming},
  booktitle={2020 IEEE 5th Information Technology and Mechatronics Engineering Conference (ITOEC)},
  pages={1713--1720},
  year={2020},
  organization={IEEE}
}

@article{pruning,
  title={Structured pruning for deep convolutional neural networks: A survey},
  author={He, Yang and Xiao, Lingao},
  journal={IEEE Transactions on Pattern Analysis and Machine Intelligence},
  year={2023},
  publisher={IEEE}
}

@article{quantization,
  title={A comprehensive survey on model quantization for deep neural networks in image classification},
  author={Rokh, Babak and Azarpeyvand, Ali and Khanteymoori, Alireza},
  journal={ACM Transactions on Intelligent Systems and Technology},
  volume={14},
  number={6},
  pages={1--50},
  year={2023},
  publisher={ACM New York, NY}
}

@inproceedings{finetuning,
  title={A study on training fine-tuning of convolutional neural networks},
  author={Cai, Zhicheng and Peng, Chenglei},
  booktitle={2021 13th International Conference on Knowledge and Smart Technology (KST)},
  pages={84--89},
  year={2021},
  organization={IEEE}
}

@article{brain,
  title={Brain charts for the human lifespan},
  author={Bethlehem, Richard AI and Seidlitz, Jakob and White, Simon R and Vogel, Jacob W and Anderson, Kevin M and Adamson, Chris and Adler, Sophie and Alexopoulos, George S and Anagnostou, Evdokia and Areces-Gonzalez, Ariosky and others},
  journal={Nature},
  volume={604},
  number={7906},
  pages={525--533},
  year={2022},
  publisher={Nature Publishing Group}
}

@inproceedings{autogrow,
  title={Autogrow: Automatic layer growing in deep convolutional networks},
  author={Wen, Wei and Yan, Feng and Chen, Yiran and Li, Hai},
  booktitle={Proceedings of the 26th ACM SIGKDD International Conference on Knowledge Discovery \& Data Mining},
  pages={833--841},
  year={2020}
}

@article{splitgrow,
  title={Accelerated Training via Incrementally Growing Neural Networks using Variance Transfer and Learning Rate Adaptation},
  author={Yuan, Xin and Savarese, Pedro and Maire, Michael},
  journal={Advances in Neural Information Processing Systems},
  volume={36},
  year={2024}
}

@inproceedings{mogrow,
  title={Automated progressive learning for efficient training of vision transformers},
  author={Li, Changlin and Zhuang, Bohan and Wang, Guangrun and Liang, Xiaodan and Chang, Xiaojun and Yang, Yi},
  booktitle={Proceedings of the IEEE/CVF Conference on Computer Vision and Pattern Recognition},
  pages={12486--12496},
  year={2022}
}

@article{vgg,
  title={Very deep convolutional networks for large-scale image recognition},
  author={Simonyan, Karen and Zisserman, Andrew},
  journal={arXiv preprint arXiv:1409.1556},
  year={2014}
}

@inproceedings{resnet,
  title={Deep residual learning for image recognition},
  author={He, Kaiming and Zhang, Xiangyu and Ren, Shaoqing and Sun, Jian},
  booktitle={Proceedings of the IEEE conference on computer vision and pattern recognition},
  pages={770--778},
  year={2016}
}

@article{mobilenet1,
  title={Mobilenets: Efficient convolutional neural networks for mobile vision applications},
  author={Howard, Andrew G and Zhu, Menglong and Chen, Bo and Kalenichenko, Dmitry and Wang, Weijun and Weyand, Tobias and Andreetto, Marco and Adam, Hartwig},
  journal={arXiv preprint arXiv:1704.04861},
  year={2017}
}

@inproceedings{mobilenet2,
  title={Mobilenetv2: Inverted residuals and linear bottlenecks},
  author={Sandler, Mark and Howard, Andrew and Zhu, Menglong and Zhmoginov, Andrey and Chen, Liang-Chieh},
  booktitle={Proceedings of the IEEE conference on computer vision and pattern recognition},
  pages={4510--4520},
  year={2018}
}

@inproceedings{mobilenet3,
  title={Searching for mobilenetv3},
  author={Howard, Andrew and Sandler, Mark and Chu, Grace and Chen, Liang-Chieh and Chen, Bo and Tan, Mingxing and Wang, Weijun and Zhu, Yukun and Pang, Ruoming and Vasudevan, Vijay and others},
  booktitle={Proceedings of the IEEE/CVF international conference on computer vision},
  pages={1314--1324},
  year={2019}
}

@article{nas,
  title={A comprehensive survey of neural architecture search: Challenges and solutions},
  author={Ren, Pengzhen and Xiao, Yun and Chang, Xiaojun and Huang, Po-Yao and Li, Zhihui and Chen, Xiaojiang and Wang, Xin},
  journal={ACM Computing Surveys (CSUR)},
  volume={54},
  number={4},
  pages={1--34},
  year={2021},
  publisher={ACM New York, NY, USA}
}

@inproceedings{bnpruning,
  title={Learning efficient convolutional networks through network slimming},
  author={Liu, Zhuang and Li, Jianguo and Shen, Zhiqiang and Huang, Gao and Yan, Shoumeng and Zhang, Changshui},
  booktitle={Proceedings of the IEEE international conference on computer vision},
  pages={2736--2744},
  year={2017}
}

@inproceedings{acnet,
  title={Acnet: Strengthening the kernel skeletons for powerful cnn via asymmetric convolution blocks},
  author={Ding, Xiaohan and Guo, Yuchen and Ding, Guiguang and Han, Jungong},
  booktitle={Proceedings of the IEEE/CVF international conference on computer vision},
  pages={1911--1920},
  year={2019}
}

@inproceedings{dbb,
  title={Diverse branch block: Building a convolution as an inception-like unit},
  author={Ding, Xiaohan and Zhang, Xiangyu and Han, Jungong and Ding, Guiguang},
  booktitle={Proceedings of the IEEE/CVF conference on computer vision and pattern recognition},
  pages={10886--10895},
  year={2021}
}

@inproceedings{repvgg,
  title={Repvgg: Making vgg-style convnets great again},
  author={Ding, Xiaohan and Zhang, Xiangyu and Ma, Ningning and Han, Jungong and Ding, Guiguang and Sun, Jian},
  booktitle={Proceedings of the IEEE/CVF conference on computer vision and pattern recognition},
  pages={13733--13742},
  year={2021}
}

@inproceedings{channelpruning,
  title={Channel pruning for accelerating very deep neural networks},
  author={He, Yihui and Zhang, Xiangyu and Sun, Jian},
  booktitle={Proceedings of the IEEE international conference on computer vision},
  pages={1389--1397},
  year={2017}
}

@inproceedings{dsp,
  title={Dynamic structure pruning for compressing CNNs},
  author={Park, Jun-Hyung and Kim, Yeachan and Kim, Junho and Choi, Joon-Young and Lee, SangKeun},
  booktitle={Proceedings of the AAAI Conference on Artificial Intelligence},
  volume={37},
  number={8},
  pages={9408--9416},
  year={2023}
}

@inproceedings{depgraph,
  title={Depgraph: Towards any structural pruning},
  author={Fang, Gongfan and Ma, Xinyin and Song, Mingli and Mi, Michael Bi and Wang, Xinchao},
  booktitle={Proceedings of the IEEE/CVF Conference on Computer Vision and Pattern Recognition},
  pages={16091--16101},
  year={2023}
}

@article{deepc,
  title={Deep compression: Compressing deep neural networks with pruning, trained quantization and huffman coding},
  author={Han, Song and Mao, Huizi and Dally, William J},
  journal={arXiv preprint arXiv:1510.00149},
  year={2015}
}

@inproceedings{sparsegpt,
  title={Sparsegpt: Massive language models can be accurately pruned in one-shot},
  author={Frantar, Elias and Alistarh, Dan},
  booktitle={International Conference on Machine Learning},
  pages={10323--10337},
  year={2023},
  organization={PMLR}
}

@inproceedings{RTOSS,
  title={R-TOSS: A framework for real-time object detection using semi-structured pruning},
  author={Balasubramaniam, Abhishek and Sunny, Febin and Pasricha, Sudeep},
  booktitle={2023 60th ACM/IEEE Design Automation Conference (DAC)},
  pages={1--6},
  year={2023},
  organization={IEEE}
}

@inproceedings{zeroq,
  title={Zeroq: A novel zero shot quantization framework},
  author={Cai, Yaohui and Yao, Zhewei and Dong, Zhen and Gholami, Amir and Mahoney, Michael W and Keutzer, Kurt},
  booktitle={Proceedings of the IEEE/CVF Conference on Computer Vision and Pattern Recognition},
  pages={13169--13178},
  year={2020}
}

@inproceedings{adaround,
  title={Up or down? adaptive rounding for post-training quantization},
  author={Nagel, Markus and Amjad, Rana Ali and Van Baalen, Mart and Louizos, Christos and Blankevoort, Tijmen},
  booktitle={International Conference on Machine Learning},
  pages={7197--7206},
  year={2020},
  organization={PMLR}
}

@inproceedings{lsq,
  title={Lsq+: Improving low-bit quantization through learnable offsets and better initialization},
  author={Bhalgat, Yash and Lee, Jinwon and Nagel, Markus and Blankevoort, Tijmen and Kwak, Nojun},
  booktitle={Proceedings of the IEEE/CVF conference on computer vision and pattern recognition workshops},
  pages={696--697},
  year={2020}
}

@article{qvit,
  title={Q-vit: Accurate and fully quantized low-bit vision transformer},
  author={Li, Yanjing and Xu, Sheng and Zhang, Baochang and Cao, Xianbin and Gao, Peng and Guo, Guodong},
  journal={Advances in neural information processing systems},
  volume={35},
  pages={34451--34463},
  year={2022}
}

@inproceedings{efficientnet,
  title={Efficientnet: Rethinking model scaling for convolutional neural networks},
  author={Tan, Mingxing and Le, Quoc},
  booktitle={International conference on machine learning},
  pages={6105--6114},
  year={2019},
  organization={PMLR}
}

@article{darts,
  title={Darts: Differentiable architecture search},
  author={Liu, Hanxiao and Simonyan, Karen and Yang, Yiming},
  journal={arXiv preprint arXiv:1806.09055},
  year={2018}
}

@inproceedings{mnasnet,
  title={Mnasnet: Platform-aware neural architecture search for mobile},
  author={Tan, Mingxing and Chen, Bo and Pang, Ruoming and Vasudevan, Vijay and Sandler, Mark and Howard, Andrew and Le, Quoc V},
  booktitle={Proceedings of the IEEE/CVF conference on computer vision and pattern recognition},
  pages={2820--2828},
  year={2019}
}

@article{once,
  title={Once-for-all: Train one network and specialize it for efficient deployment},
  author={Cai, Han and Gan, Chuang and Wang, Tianzhe and Zhang, Zhekai and Han, Song},
  journal={arXiv preprint arXiv:1908.09791},
  year={2019}
}

@inproceedings{automlz,
  title={Automl-zero: Evolving machine learning algorithms from scratch},
  author={Real, Esteban and Liang, Chen and So, David and Le, Quoc},
  booktitle={International conference on machine learning},
  pages={8007--8019},
  year={2020},
  organization={PMLR}
}

@inproceedings{enas,
  title={Efficient neural architecture search via parameters sharing},
  author={Pham, Hieu and Guan, Melody and Zoph, Barret and Le, Quoc and Dean, Jeff},
  booktitle={International conference on machine learning},
  pages={4095--4104},
  year={2018},
  organization={PMLR}
}

@inproceedings{fbnet,
  title={Fbnet: Hardware-aware efficient convnet design via differentiable neural architecture search},
  author={Wu, Bichen and Dai, Xiaoliang and Zhang, Peizhao and Wang, Yanghan and Sun, Fei and Wu, Yiming and Tian, Yuandong and Vajda, Peter and Jia, Yangqing and Keutzer, Kurt},
  booktitle={Proceedings of the IEEE/CVF conference on computer vision and pattern recognition},
  pages={10734--10742},
  year={2019}
}

@inproceedings{mixturegrowth,
  title={MixtureGrowth: Growing Neural Networks by Recombining Learned Parameters},
  author={Pham, Chau and Teterwak, Piotr and Nelson, Soren and Plummer, Bryan A},
  booktitle={Proceedings of the IEEE/CVF Winter Conference on Applications of Computer Vision},
  pages={2800--2809},
  year={2024}
}

@article{grown,
  title={Grown: Grow only when necessary for continual learning},
  author={Yang, Li and Lin, Sen and Zhang, Junshan and Fan, Deliang},
  journal={arXiv preprint arXiv:2110.00908},
  year={2021}
}

@phdthesis{DNNDeepeningPruning,
  title={Automatic Design of Deep Neural Network Architectures with Evolutionary Computation},
  author={Junior, Francisco Erivaldo Fernandes},
  year={2020},
  school={Oklahoma State University}
}

@article{ema,
  title={An exponential moving-average sequence and point process (EMA1)},
  author={Lawrance, AJ and Lewis, PAW},
  journal={Journal of Applied Probability},
  volume={14},
  number={1},
  pages={98--113},
  year={1977},
  publisher={Cambridge University Press}
}

@article{cifar,
  title={An analysis of convolutional neural networks for image classification},
  author={Sharma, Neha and Jain, Vibhor and Mishra, Anju},
  journal={Procedia computer science},
  volume={132},
  pages={377--384},
  year={2018},
  publisher={Elsevier}
}

@inproceedings{svhn,
  title={Reading digits in natural images with unsupervised feature learning},
  author={Netzer, Yuval and Wang, Tao and Coates, Adam and Bissacco, Alessandro and Wu, Baolin and Ng, Andrew Y and others},
  booktitle={NIPS workshop on deep learning and unsupervised feature learning},
  volume={2011},
  number={5},
  pages={7},
  year={2011},
  organization={Granada, Spain}
}

@inproceedings{imagenet,
  title={Imagenet: A large-scale hierarchical image database},
  author={Deng, Jia and Dong, Wei and Socher, Richard and Li, Li-Jia and Li, Kai and Fei-Fei, Li},
  booktitle={2009 IEEE conference on computer vision and pattern recognition},
  pages={248--255},
  year={2009},
  organization={Ieee}
}

@article{mnist,
  title={A survey of handwritten character recognition with mnist and emnist},
  author={Baldominos, Alejandro and Saez, Yago and Isasi, Pedro},
  journal={Applied Sciences},
  volume={9},
  number={15},
  pages={3169},
  year={2019},
  publisher={MDPI}
}

@inproceedings{optimizer,
  title={Improved adam optimizer for deep neural networks},
  author={Zhang, Zijun},
  booktitle={2018 IEEE/ACM 26th international symposium on quality of service (IWQoS)},
  pages={1--2},
  year={2018},
  organization={Ieee}
}

@article{pytorch,
  title={Pytorch: An imperative style, high-performance deep learning library},
  author={Paszke, Adam and Gross, Sam and Massa, Francisco and Lerer, Adam and Bradbury, James and Chanan, Gregory and Killeen, Trevor and Lin, Zeming and Gimelshein, Natalia and Antiga, Luca and others},
  journal={Advances in neural information processing systems},
  volume={32},
  year={2019}
}

@article{trt,
  title={Deep learning inference parallelization on heterogeneous processors with tensorrt},
  author={Jeong, EunJin and Kim, Jangryul and Tan, Samnieng and Lee, Jaeseong and Ha, Soonhoi},
  journal={IEEE Embedded Systems Letters},
  volume={14},
  number={1},
  pages={15--18},
  year={2021},
  publisher={IEEE}
}

@article{repopt,
  title={Re-parameterizing your optimizers rather than architectures},
  author={Ding, Xiaohan and Chen, Honghao and Zhang, Xiangyu and Huang, Kaiqi and Han, Jungong and Ding, Guiguang},
  journal={arXiv preprint arXiv:2205.15242},
  year={2022}
}

@inproceedings{obs,
  title={Optimal brain surgeon and general network pruning},
  author={Hassibi, Babak and Stork, David G and Wolff, Gregory J},
  booktitle={IEEE international conference on neural networks},
  pages={293--299},
  year={1993},
  organization={IEEE}
}

@article{over,
  title={How much over-parameterization is sufficient to learn deep ReLU networks?},
  author={Chen, Zixiang and Cao, Yuan and Zou, Difan and Gu, Quanquan},
  journal={arXiv preprint arXiv:1911.12360},
  year={2019}
}