@inproceedings{vit,
    title={An Image is Worth 16x16 Words: Transformers for Image Recognition at Scale},
    author={Alexey Dosovitskiy and Lucas Beyer and Alexander Kolesnikov and Dirk Weissenborn and Xiaohua Zhai and Thomas Unterthiner and Mostafa Dehghani and Matthias Minderer and Georg Heigold and Sylvain Gelly and Jakob Uszkoreit and Neil Houlsby},
    booktitle=ICLR,
    url={https://openreview.net/forum?id=YicbFdNTTy},
    year={2021}
}

@inproceedings{swin,
  title={Swin transformer: Hierarchical vision transformer using shifted windows},
  author={Liu, Ze and Lin, Yutong and Cao, Yue and Hu, Han and Wei, Yixuan and Zhang, Zheng and Lin, Stephen and Guo, Baining},
  booktitle=CVPR,
  pages={10012--10022},
  year={2021}
}

@inproceedings{cswin,
  title={Cswin transformer: A general vision transformer backbone with cross-shaped windows},
  author={Dong, Xiaoyi and Bao, Jianmin and Chen, Dongdong and Zhang, Weiming and Yu, Nenghai and Yuan, Lu and Chen, Dong and Guo, Baining},
  booktitle=CVPR,
  pages={12124--12134},
  year={2022}
}

@inproceedings{maxvit,
  title={Maxvit: Multi-axis vision transformer},
  author={Tu, Zhengzhong and Talebi, Hossein and Zhang, Han and Yang, Feng and Milanfar, Peyman and Bovik, Alan and Li, Yinxiao},
  booktitle=ECCV,
  pages={459--479},
  year={2022},
  organization={Springer}
}

@inproceedings{replknet,
  title={Scaling up your kernels to 31x31: Revisiting large kernel design in cnns},
  author={Ding, Xiaohan and Zhang, Xiangyu and Han, Jungong and Ding, Guiguang},
  booktitle=CVPR,
  pages={11963--11975},
  year={2022}
}

@article{convmixer,
  title={Patches are all you need?},
  author={Trockman, Asher and Kolter, J Zico},
  journal={arXiv:2201.09792},
  year={2022}
}

@article{attention,
  title={Attention is all you need},
  author={Vaswani, Ashish and Shazeer, Noam and Parmar, Niki and Uszkoreit, Jakob and Jones, Llion and Gomez, Aidan N and Kaiser, {\L}ukasz and Polosukhin, Illia},
  journal=NIPS,
  volume={30},
  year={2017}
}

@inproceedings{
optrep,
title={Re-parameterizing Your Optimizers rather than Architectures},
author={Xiaohan Ding and Honghao Chen and Xiangyu Zhang and Kaiqi Huang and Jungong Han and Guiguang Ding},
booktitle={The Eleventh International Conference on Learning Representations },
year={2023},
url={https://openreview.net/forum?id=B92TMCG_7rp}
}

@inproceedings{convnext,
  title={A convnet for the 2020s},
  author={Liu, Zhuang and Mao, Hanzi and Wu, Chao-Yuan and Feichtenhofer, Christoph and Darrell, Trevor and Xie, Saining},
  booktitle=CVPR,
  pages={11976--11986},
  year={2022}
}

@inproceedings{pruning1,
  title={Learning efficient convolutional networks through network slimming},
  author={Liu, Zhuang and Li, Jianguo and Shen, Zhiqiang and Huang, Gao and Yan, Shoumeng and Zhang, Changshui},
  booktitle=ICCV,
  pages={2736--2744},
  year={2017}
}

@inproceedings{pruning2,
  title={Rethinking the Value of Network Pruning},
  author={Liu, Zhuang and Sun, Mingjie and Zhou, Tinghui and Huang, Gao and Darrell, Trevor},
  booktitle=ICLR,
  year={2019}
}

@article{quan1,
  title={Binary neural networks: A survey},
  author={Qin, Haotong and Gong, Ruihao and Liu, Xianglong and Bai, Xiao and Song, Jingkuan and Sebe, Nicu},
  journal={Pattern Recognition},
  volume={105},
  pages={107281},
  year={2020},
  publisher={Elsevier}
}


@inproceedings{quan2,
  title={Hawq-v3: Dyadic neural network quantization},
  author={Yao, Zhewei and Dong, Zhen and Zheng, Zhangcheng and Gholami, Amir and Yu, Jiali and Tan, Eric and Wang, Leyuan and Huang, Qijing and Wang, Yida and Mahoney, Michael and others},
  booktitle={International Conference on Machine Learning},
  pages={11875--11886},
  year={2021}
}

@inproceedings{dbb,
  title={Diverse branch block: Building a convolution as an inception-like unit},
  author={Ding, Xiaohan and Zhang, Xiangyu and Han, Jungong and Ding, Guiguang},
  booktitle=CVPR,
  pages={10886--10895},
  year={2021}
}

@article{ln,
  title={Layer normalization},
  author={Ba, Jimmy Lei and Kiros, Jamie Ryan and Hinton, Geoffrey E},
  journal={arXiv:1607.06450},
  year={2016}
}

@article{bn,
  title={How does batch normalization help optimization?},
  author={Santurkar, Shibani and Tsipras, Dimitris and Ilyas, Andrew and Madry, Aleksander},
  journal=NIPS,
  volume={31},
  year={2018}
}

@inproceedings{pwconv,
  title={Pointwise convolutional neural networks},
  author={Hua, Binh-Son and Tran, Minh-Khoi and Yeung, Sai-Kit},
  booktitle=CVPR,
  year={2018}
}

@InProceedings{dwconv,
author = {Chollet, Francois},
title = {Xception: Deep Learning With Depthwise Separable Convolutions},
booktitle = CVPR,
pages={1251--1258},
year = {2017}
}

@article{vitexplan,
  title={Do vision transformers see like convolutional neural networks?},
  author={Raghu, Maithra and Unterthiner, Thomas and Kornblith, Simon and Zhang, Chiyuan and Dosovitskiy, Alexey},
  journal=NIPS,
  volume={34},
  pages={12116--12128},
  year={2021}
}

@inproceedings{imagenet,
  title={Imagenet: A large-scale hierarchical image database},
  author={Deng, Jia and Dong, Wei and Socher, Richard and Li, Li-Jia and Li, Kai and Fei-Fei, Li},
  booktitle=CVPR,
  pages={248--255},
  year={2009},
  organization={Ieee}
}

@inproceedings{mobilenetv3,
  title={Searching for mobilenetv3},
  author={Howard, Andrew and Sandler, Mark and Chu, Grace and Chen, Liang-Chieh and Chen, Bo and Tan, Mingxing and Wang, Weijun and Zhu, Yukun and Pang, Ruoming and Vasudevan, Vijay and others},
  booktitle=ICCV,
  pages={1314--1324},
  year={2019}
}

@inproceedings{shufflenet,
  title={Shufflenet v2: Practical guidelines for efficient cnn architecture design},
  author={Ma, Ningning and Zhang, Xiangyu and Zheng, Hai-Tao and Sun, Jian},
  booktitle=ECCV,
  pages={116--131},
  year={2018}
}

@article{coatnet,
  title={Coatnet: Marrying convolution and attention for all data sizes},
  author={Dai, Zihang and Liu, Hanxiao and Le, Quoc V and Tan, Mingxing},
  journal=NIPS,
  volume={34},
  pages={3965--3977},
  year={2021}
}

@inproceedings{translation,
  title={On translation invariance in cnns: Convolutional layers can exploit absolute spatial location},
  author={Kayhan, Osman Semih and Gemert, Jan C van},
  booktitle=CVPR,
  pages={14274--14285},
  year={2020}
}

@InProceedings{gwconv,
    author = {Zhang, Ting and Qi, Guo-Jun and Xiao, Bin and Wang, Jingdong},
    title = {Interleaved Group Convolutions},
    booktitle = ICCV,
    pages={4373--4382},
    year = {2017}
}

@article{vitexplain2,
  title={Transformers in vision: A survey},
  author={Khan, Salman and Naseer, Muzammal and Hayat, Munawar and Zamir, Syed Waqas and Khan, Fahad Shahbaz and Shah, Mubarak},
  journal={ACM computing surveys (CSUR)},
  volume={54},
  number={10s},
  pages={1--41},
  year={2022},
  publisher={ACM New York, NY}
}

@inproceedings{deit,
  title={Training data-efficient image transformers \& distillation through attention},
  author={Touvron, Hugo and Cord, Matthieu and Douze, Matthijs and Massa, Francisco and Sablayrolles, Alexandre and J{\'e}gou, Herv{\'e}},
  booktitle={International Conference on Machine Learning},
  pages={10347--10357},
  year={2021}
}

@inproceedings{botnet,
  title={Bottleneck transformers for visual recognition},
  author={Srinivas, Aravind and Lin, Tsung-Yi and Parmar, Niki and Shlens, Jonathon and Abbeel, Pieter and Vaswani, Ashish},
  booktitle=CVPR,
  pages={16519--16529},
  year={2021}
}

@inproceedings{resnet,
  title={Deep residual learning for image recognition},
  author={He, Kaiming and Zhang, Xiangyu and Ren, Shaoqing and Sun, Jian},
  booktitle=CVPR,
  pages={770--778},
  year={2016}
}

@article{vitstem,
  title={Early convolutions help transformers see better},
  author={Xiao, Tete and Singh, Mannat and Mintun, Eric and Darrell, Trevor and Doll{\'a}r, Piotr and Girshick, Ross},
  journal=NIPS,
  volume={34},
  pages={30392--30400},
  year={2021}
}

@inproceedings{wideconv,
  title={Designing network design spaces},
  author={Radosavovic, Ilija and Kosaraju, Raj Prateek and Girshick, Ross and He, Kaiming and Doll{\'a}r, Piotr},
  booktitle=CVPR,
  pages={10428--10436},
  year={2020}
}

@inproceedings{acnet,
  title={Acnet: Strengthening the kernel skeletons for powerful cnn via asymmetric convolution blocks},
  author={Ding, Xiaohan and Guo, Yuchen and Ding, Guiguang and Han, Jungong},
  booktitle=ICCV,
  pages={1911--1920},
  year={2019}
}

@inproceedings{repvgg,
  title={Repvgg: Making vgg-style convnets great again},
  author={Ding, Xiaohan and Zhang, Xiangyu and Ma, Ningning and Han, Jungong and Ding, Guiguang and Sun, Jian},
  booktitle=CVPR,
  pages={13733--13742},
  year={2021}
}

@article{vgg,
  title={Very deep convolutional networks for large-scale image recognition},
  author={Simonyan, Karen and Zisserman, Andrew},
  journal={arXiv:1409.1556},
  year={2014}
}

@article{rmnet,
  title={RMNet: Equivalently Removing Residual Connection from Networks},
  author={Meng, Fanxu and Cheng, Hao and Zhuang, Jiaxin and Li, Ke and Sun, Xing},
  journal={arXiv:2111.00687},
  year={2021}
}

@inproceedings{largekernel,
  title={Large kernel matters--improve semantic segmentation by global convolutional network},
  author={Peng, Chao and Zhang, Xiangyu and Yu, Gang and Luo, Guiming and Sun, Jian},
  booktitle=CVPR,
  pages={4353--4361},
  year={2017}
}


@inproceedings{fusion,
  title={TVM: An automated End-to-End optimizing compiler for deep learning},
  author={Chen, Tianqi and Moreau, Thierry and Jiang, Ziheng and Zheng, Lianmin and Yan, Eddie and Shen, Haichen and Cowan, Meghan and Wang, Leyuan and Hu, Yuwei and Ceze, Luis and others},
  booktitle={13th USENIX Symposium on Operating Systems Design and Implementation (OSDI 18)},
  pages={578--594},
  year={2018}
}

@inproceedings{mobilevit,
  title={MobileViT: Light-weight, General-purpose, and Mobile-friendly Vision Transformer},
  author={Mehta, Sachin and Rastegari, Mohammad},
  booktitle=ICLR,
  year={2021}
}

@article{cifar,
  title={Learning multiple layers of features from tiny images},
  author={Krizhevsky, Alex and Hinton, Geoffrey and others},
  year={2009}
}

@software{imagewoof,
    title={Imagewoof: a subset of 10 classes from Imagenet that aren't so easy to classify},
    author={Jeremy Howard},
    year={2019},
    month={March},
    publisher = {GitHub},
    url = {https://github.com/fastai/imagenette#imagewoof}
}

@inproceedings{efficientnet,
  title={Efficientnet: Rethinking model scaling for convolutional neural networks},
  author={Tan, Mingxing and Le, Quoc},
  booktitle={International conference on machine learning},
  pages={6105--6114},
  year={2019}
}

@article{finetune,
  title={How transferable are features in deep neural networks?},
  author={Yosinski, Jason and Clune, Jeff and Bengio, Yoshua and Lipson, Hod},
  journal=NIPS,
  volume={27},
  year={2014}
}


@InProceedings{shapebias,
author = {Hosseini, Hossein and Xiao, Baicen and Jaiswal, Mayoore and Poovendran, Radha},
title = {Assessing Shape Bias Property of Convolutional Neural Networks},
booktitle = CVPRW,
pages={1923--1931},
year = {2018}
}

@inproceedings{relu,
  title={Deep sparse rectifier neural networks},
  author={Glorot, Xavier and Bordes, Antoine and Bengio, Yoshua},
  booktitle={Proceedings of the fourteenth international conference on artificial intelligence and statistics},
  pages={315--323},
  year={2011}
}

@article{texture,
  title={The origins and prevalence of texture bias in convolutional neural networks},
  author={Hermann, Katherine and Chen, Ting and Kornblith, Simon},
  journal=NIPS,
  volume={33},
  pages={19000--19015},
  year={2020}
}

@inproceedings{online,
  title={Online Convolutional Re-parameterization},
  author={Hu, Mu and Feng, Junyi and Hua, Jiashen and Lai, Baisheng and Huang, Jianqiang and Gong, Xiaojin and Hua, Xian-Sheng},
  booktitle=CVPR,
  pages={568--577},
  year={2022}
}

@inproceedings{adamw,
  title={Decoupled Weight Decay Regularization},
  author={Loshchilov, Ilya and Hutter, Frank},
  booktitle=ICLR,
  year={2018}
}

@inproceedings{mixup,
  title={mixup: Beyond Empirical Risk Minimization},
  author={Zhang, Hongyi and Cisse, Moustapha and Dauphin, Yann N and Lopez-Paz, David},
  booktitle=ICLR,
  year={2018}
}

@inproceedings{cutmix,
  title={Cutmix: Regularization strategy to train strong classifiers with localizable features},
  author={Yun, Sangdoo and Han, Dongyoon and Oh, Seong Joon and Chun, Sanghyuk and Choe, Junsuk and Yoo, Youngjoon},
  booktitle=ICCV,
  pages={6023--6032},
  year={2019}
}

@inproceedings{randomerasing,
  title={Random erasing data augmentation},
  author={Zhong, Zhun and Zheng, Liang and Kang, Guoliang and Li, Shaozi and Yang, Yi},
  booktitle=AAAI,
  volume={34},
  number={07},
  pages={13001--13008},
  year={2020}
}

@inproceedings{randaug,
  title={Practical automated data augmentation with a reduced search space},
  author={Cubuk, ED and Zoph, B and Shlens, J and Randaugment, Q Le},
  booktitle=CVPRW,
  pages={702--703},
  year={2020}
}

@inproceedings{labelsmooth,
  title={Rethinking the inception architecture for computer vision},
  author={Szegedy, Christian and Vanhoucke, Vincent and Ioffe, Sergey and Shlens, Jon and Wojna, Zbigniew},
  booktitle=CVPR,
  pages={2818--2826},
  year={2016}
}

@inproceedings{depth,
  title={Deep networks with stochastic depth},
  author={Huang, Gao and Sun, Yu and Liu, Zhuang and Sedra, Daniel and Weinberger, Kilian Q},
  booktitle=ECCV,
  pages={646--661},
  year={2016},
  organization={Springer}
}

@article{ema,
  title={Acceleration of stochastic approximation by averaging},
  author={Polyak, Boris T and Juditsky, Anatoli B},
  journal={SIAM journal on control and optimization},
  volume={30},
  number={4},
  pages={838--855},
  year={1992},
  publisher={SIAM}
}

@inproceedings{vitobdet1,
  title={End-to-end object detection with transformers},
  author={Carion, Nicolas and Massa, Francisco and Synnaeve, Gabriel and Usunier, Nicolas and Kirillov, Alexander and Zagoruyko, Sergey},
  booktitle=ECCV,
  pages={213--229},
  year={2020}
}

@article{vitobdet2,
  title={You only look at one sequence: Rethinking transformer in vision through object detection},
  author={Fang, Yuxin and Liao, Bencheng and Wang, Xinggang and Fang, Jiemin and Qi, Jiyang and Wu, Rui and Niu, Jianwei and Liu, Wenyu},
  journal=NIPS,
  volume={34},
  pages={26183--26197},
  year={2021}
}

@inproceedings{vitgan,
  title={Styleswin: Transformer-based gan for high-resolution image generation},
  author={Zhang, Bowen and Gu, Shuyang and Zhang, Bo and Bao, Jianmin and Chen, Dong and Wen, Fang and Wang, Yong and Guo, Baining},
  booktitle=CVPR,
  pages={11304--11314},
  year={2022}
}

@article{autodriving,
  title={A survey of deep learning techniques for autonomous driving},
  author={Grigorescu, Sorin and Trasnea, Bogdan and Cocias, Tiberiu and Macesanu, Gigel},
  journal={Journal of Field Robotics},
  volume={37},
  number={3},
  pages={362--386},
  year={2020},
  publisher={Wiley Online Library}
}

@inproceedings{shape_and_texture,
  title={Contributions of Shape, Texture, and Color in Visual Recognition},
  author={Ge, Yunhao and Xiao, Yao and Xu, Zhi and Wang, Xingrui and Itti, Laurent},
  booktitle=ECCV,
  pages={369--386},
  year={2022},
  organization={Springer}
}

@inproceedings{imgnet_need_texture,
  title={Shape-Texture Debiased Neural Network Training},
  author={Li, Yingwei and Yu, Qihang and Tan, Mingxing and Mei, Jieru and Tang, Peng and Shen, Wei and Yuille, Alan and others},
  booktitle=ICLR,
  year={2020}
}


@INPROCEEDINGS{winograd,
  author={Lavin, Andrew and Gray, Scott},
  booktitle=CVPR, 
  title={Fast Algorithms for Convolutional Neural Networks}, 
  year={2016},
  pages={4013-4021}
}



@article{repghost,
  title={RepGhost: A Hardware-Efficient Ghost Module via Re-parameterization},
  author={Chen, Chengpeng and Guo, Zichao and Zeng, Haien and Xiong, Pengfei and Dong, Jian},
  journal={arXiv preprint arXiv:2211.06088},
  year={2022}
}

@inproceedings{resrep,
  title={Resrep: Lossless cnn pruning via decoupling remembering and forgetting},
  author={Ding, Xiaohan and Hao, Tianxiang and Tan, Jianchao and Liu, Ji and Han, Jungong and Guo, Yuchen and Ding, Guiguang},
  booktitle={ICCV},
  pages={4510--4520},
  year={2021}
}

@article{industrial,
  title={A review on recent advances in vision-based defect recognition towards industrial intelligence},
  author={Gao, Yiping and Li, Xinyu and Wang, Xi Vincent and Wang, Lihui and Gao, Liang},
  journal={Journal of Manufacturing Systems},
  volume={62},
  pages={753--766},
  year={2022},
  publisher={Elsevier}
}

@article{repmlp,
  title={Repmlp: Re-parameterizing convolutions into fully-connected layers for image recognition},
  author={Ding, Xiaohan and Xia, Chunlong and Zhang, Xiangyu and Chu, Xiaojie and Han, Jungong and Ding, Guiguang},
  journal={arXiv preprint arXiv:2105.01883},
  year={2021}
}

@inproceedings{designing,
  title={Designing network design spaces},
  author={Radosavovic, Ilija and Kosaraju, Raj Prateek and Girshick, Ross and He, Kaiming and Doll{\'a}r, Piotr},
  booktitle={CVPR},
  pages={10428--10436},
  year={2020}
}